<record><leader>00000cas a22000007a 4500</leader><controlfield tag="001">22496390</controlfield><controlfield tag="008">901011d19701971nyuwr ne      0    0eng d</controlfield><datafield ind1=" " ind2=" " tag="010"><subfield code="a">sn 90066284 </subfield></datafield><datafield ind1=" " ind2=" " tag="040"><subfield code="a">NYS</subfield><subfield code="b">eng</subfield><subfield code="c">NYS</subfield><subfield code="d">OCLCQ</subfield></datafield><datafield ind1=" " ind2=" " tag="042"><subfield code="a">msc</subfield></datafield><datafield ind1="0" ind2="0" tag="245"><subfield code="a">Catskill Mountain star of Saugerties.</subfield></datafield><datafield ind1=" " ind2=" " tag="260"><subfield code="a">Saugerties, N.Y. :</subfield><subfield code="b">Catskill Mountain Star,</subfield><subfield code="c">1970-1971.</subfield></datafield><datafield ind1=" " ind2=" " tag="300"><subfield code="a">v. :</subfield><subfield code="b">ill.</subfield></datafield><datafield ind1=" " ind2=" " tag="310"><subfield code="a">Weekly</subfield></datafield><datafield ind1="0" ind2=" " tag="362"><subfield code="a">Vol. 47, no. 37 (Sept. 15, 1970)-v. 48, no. 20 (May 25, 1971).</subfield></datafield><datafield ind1=" " ind2=" " tag="530"><subfield code="a">Available on microfilm from the New York State Library.</subfield></datafield><datafield ind1=" " ind2=" " tag="580"><subfield code="a">Merged with: Saugerties post, and: Kingstonian (Kingston, N.Y.), and: Woodstock record press, to form: Saugerties post star.</subfield></datafield><datafield ind1=" " ind2="4" tag="651"><subfield code="a">Saugerties (N.Y.)</subfield><subfield code="v">Newspapers.</subfield></datafield><datafield ind1=" " ind2=" " tag="752"><subfield code="a">United States</subfield><subfield code="b">New York</subfield><subfield code="c">Ulster</subfield><subfield code="d">Saugerties.</subfield></datafield><datafield ind1="0" ind2="0" tag="780"><subfield code="t">Sunday Catskill Mountain star</subfield><subfield code="w">(DLC)sn 90066283</subfield><subfield code="w">(OCoLC)22496349</subfield></datafield><datafield ind1="1" ind2="7" tag="785"><subfield code="t">Saugerties post</subfield><subfield code="w">(DLC)sn 87028292</subfield><subfield code="w">(OCoLC)15360387</subfield></datafield><datafield ind1="1" ind2="7" tag="785"><subfield code="t">Kingstonian (Kingston, N.Y.)</subfield><subfield code="w">(DLC)sn 90066359</subfield><subfield code="w">(OCoLC)22840813</subfield></datafield><datafield ind1="1" ind2="7" tag="785"><subfield code="t">Woodstock record press</subfield><subfield code="w">(DLC)sn 90066350</subfield><subfield code="w">(OCoLC)22769031</subfield></datafield><datafield ind1="1" ind2="7" tag="785"><subfield code="t">Saugerties post star</subfield><subfield code="w">(DLC)sn 87070065</subfield><subfield code="w">(OCoLC)15989749</subfield></datafield><datafield ind1="1" ind2=" " tag="029"><subfield code="a">AU@</subfield><subfield code="b">000025865260</subfield></datafield></record>